

@misc{antsoftware,
  author = {Laurence Anthony},
  title = {{Laurence Anthony's Website - Software}},
  howpublished = "\url{http://www.laurenceanthony.net/software.html}",
  year = {2015}, 
  note = "[Online; accessed August 2015]"
}

@misc{cqpweb,
  author = {Andrew Hardie},
  title = {{CQPWeb Main Page}},
  howpublished = "\url{https://cqpweb.lancs.ac.uk/}",
  year = {2015}, 
  note = "[Online; accessed August 2015]"
}

@misc{graphcoll-site,
  author = {Stephen Wattam},
  title = {{GraphColl Homepage}},
  howpublished = "\url{http://www.extremetomato.com/projects/graphcoll/}",
  year = {2015}, 
  note = "[Online; accessed August 2015]"
}

@article{graphcoll-paper,
   author = "Brezina, Vaclav and McEnery, Tony and Wattam, Stephen",
   title = "Collocations in context: A new perspective on collocation networks",
   journal = "International Journal of Corpus Linguistics",
   year = "2015",
   volume = "20",
   number = "2",
   pages = "139-173",
   howpublished = "\url{http://www.jbe-platform.com/content/journals/10.1075/ijcl.20.2.01bre}",
   doi = "\url{http://dx.doi.org/10.1075/ijcl.20.2.01bre}"
}

@misc{CL-Metaheaders,
    title = {UCREL / CL-Metaheaders Github Repository},
    author = {John Vidler \and Stephen Wattam},
    year = {2015},
    howpublished = "\url{https://github.com/UCREL/CL-metaheaders}"
}