

@article{CorpusSoftwareToolSurvey,
    title = {A critical look at software tools
in corpus linguistics},
    author = {Laurence Anthony},
    institution = {Waseda University},
    year = {2013},
    month = {August},
    day = {26},
    howpublished = "\url{http://www.laurenceanthony.net/research/20130827_linguistic_research_paper/linguistic_research_paper_final.pdf}"
}