@article{Louridas:2012:NRR:2347696.2347706,
 author = {Louridas, Panos and Gousios, Georgios},
 title = {A Note on Rigour and Replicability},
 journal = {SIGSOFT Softw. Eng. Notes},
 issue_date = {September 2012},
 volume = {37},
 number = {5},
 month = sep,
 year = {2012},
 issn = {0163-5948},
 pages = {1--4},
 numpages = {4},
 url = {http://doi.acm.org/10.1145/2347696.2347706},
 doi = {10.1145/2347696.2347706},
 acmid = {2347706},
 publisher = {ACM},
 address = {New York, NY, USA},
 keywords = {ACM proceedings, empirical software engineering, statistics},
} 

@Inbook{Potthast2016,
author="Potthast, Martin
and Braun, Sarah
and Buz, Tolga
and Duffhauss, Fabian
and Friedrich, Florian
and G{\"u}lzow, J{\"o}rg Marvin
and K{\"o}hler, Jakob
and L{\"o}tzsch, Winfried
and M{\"u}ller, Fabian
and M{\"u}ller, Maike Elisa
and Pa{\ss}mann, Robert
and Reinke, Bernhard
and Rettenmeier, Lucas
and Rometsch, Thomas
and Sommer, Timo
and Tr{\"a}ger, Michael
and Wilhelm, Sebastian
and Stein, Benno
and Stamatatos, Efstathios
and Hagen, Matthias",
editor="Ferro, Nicola
and Crestani, Fabio
and Moens, Marie-Francine
and Mothe, Josiane
and Silvestri, Fabrizio
and Di Nunzio, Giorgio Maria
and Hauff, Claudia
and Silvello, Gianmaria",
title="Who Wrote the Web? Revisiting Influential Author Identification Research Applicable to Information Retrieval",
bookTitle="Advances in Information Retrieval: 38th European Conference on IR Research, ECIR 2016, Padua, Italy, March 20--23, 2016. Proceedings",
year="2016",
publisher="Springer International Publishing",
address="Cham",
pages="393--407",
isbn="978-3-319-30671-1",
doi="10.1007/978-3-319-30671-1_29",
url="http://dx.doi.org/10.1007/978-3-319-30671-1_29"
}

@inproceedings{di_buccio_unfolding_2015,
    title = {Unfolding off-the-shelf {IR} systems for reproducibility},
    url = {https://www.researchgate.net/profile/Gianmaria_Silvello/publication/282154401_Unfolding_Off-the-shelf_IR_Systems_for_Reproducibility/links/56054f6708aeb5718ff114fd.pdf},
    urldate = {2016-10-27TZ},
    booktitle = {Proc. {SIGIR} {Workshop} on {Reproducibility}, {Inexplicability}, and {Generalizability} of {Results} ({RIGOR} 2015)},
    author = {Di Buccio, Emanuele and Di Nunzio, Giorgio Maria and Ferro, Nicola and Harman, Donna and Maistro, Maria and Silvello, Gianmaria},
    year = {2015}
}

@article{vidler2017metaheaders,
  title={Keeping Properties with the Data, CL-MetaHeaders-An Open Specification},
  author={Vidler, John and Wattam, Stephen},
  journal={Challenges in the Management of Large Corpora and Big Data and Natural Language Processing (CMLC-5+ BigNLP) 2017 including the papers from the Web-as-Corpus (WAC-XI)},
  pages={35},
  year={2017}
}