@misc{ISO/TC37/SC4,
  author = {{ISO.org}},
  title = {{ISO/TC 37/SC 4 - Language resource management}},
  howpublished = "\url{http://www.iso.org/iso/home/store/catalogue_tc/catalogue_tc_browse.htm?commid=297592&published=on}",
  year = {2015}
  note = "Online; accessed August 2015"
}

@misc{vCards,
    title = {RFC 2426 - vCard MIME Directory Profile},
    author = {F Dawson \and T Howes},
    year = {1998},
    month = {September},
    howpublished = "\url{https://www.ietf.org/rfc/rfc2426.txt}"
}

@misc{TEI,
    title = {The TEI Project},
    author = {TEI: Text Encoding Initiative},
    year = {2015},
    howpublished = "\url{http://www.tei-c.org/}"
}

@misc{TEI-Headers,
    title = {The TEI Header},
    author = {TEI},
    year = {2015],
    howpublished = "\url{http://www.tei-c.org/release/doc/tei-p5-doc/en/html/HD.html}"
}

@misc{XML,
    title = {Extensible Markup Language (XML) 1.0 (Fifth Edition)},
    author = {W3C},
    year = {2008},
    month = {November},
    day = {26},
    howpublished = "\url{http://www.w3.org/TR/REC-xml/}"
}

@misc{UTF8,
    title = {Hello World},
    author = {Rob Pike \and Ken Thompson},
    institution = {Bell Labs},
    year = {1993},
    howpublished = "\url{http://plan9.bell-labs.com/sys/doc/utf.pdf}"
}

@misc{ARFF,
    title = {ARFF Data Format},
    author = {WEKA, The University of Waikato},
    year = {2015},
    howpublished = "\url{http://weka.wikispaces.com/ARFF}"
}

@misc{JSON,
    title = {ECMA-404 - The JSON Data Interchange Format},
    author = {ECMA},
    year = {2013},
    month = {October}
    howpublished = "\url{http://www.ecma-international.org/publications/files/ECMA-ST/ECMA-404.pdf}"
}

@misc{MSGPack,
    title ={MessagePack},
    author = {Sadayuki Furuhashi},
    year = {2013},
    howpublished = "\url{http://msgpack.org/index.html}"
}

@misc{EncodingNames,
    title = {IANA, Character Sets},
    author = {Ned Freed \and Martin DÃ¼rst},
    year = {2013},
    month = {12},
    day = {20},
    howpublished = "\url{http://www.iana.org/assignments/character-sets/character-sets.xhtml}"
}

@misc{MIMETypes,
    title = {Media Types},
    author = {IANA},
    year = {2015},
    month = {10},
    day = {22},
    howpublished = "\url{http://www.iana.org/assignments/media-types/media-types.xhtml}"
}

@misc{BSON,
    title = {BSON - Binary JSON},
    year = {2015},
    howpublished = "\url{http://bsonspec.org/}"
}